---
---

@inproceedings{DBLP:conf/icse/MolinadA22,
  bibtex_show={true},
  author = {Facundo Molina and Marcelo d'Amorim and Nazareno Aguirre},
  title = {Fuzzing Class Specifications},
  booktitle = {44th {IEEE/ACM} 44th International Conference on Software Engineering, {ICSE} 2022, Pittsburgh, PA, USA, May 25-27, 2022},
  pages = {1008--1020},
  publisher = {ACM},
  year = {2022},
  url = {https://doi.org/10.1145/3510003.3510120},
  doi = {10.1145/3510003.3510120},
  timestamp = {Mon, 18 Jul 2022 16:47:42 +0200},
  biburl = {https://dblp.org/rec/conf/icse/MolinadA22.bib},
  html = {https://dl.acm.org/doi/abs/10.1145/3510003.3510120},
  pdf = {https://www.cin.ufpe.br/~damorim/publications/Molina_ETAL_ICSE2022.pdf},
  bibsource = {dblp computer science bibliography, https://dblp.org},
  selected={true}
}

@inproceedings{DBLP:conf/icse/MolinaPAF21,
  bibtex_show={true},
  author    = {Facundo Molina and
               Pablo Ponzio and
               Nazareno Aguirre and
               Marcelo F. Frias},
  title     = {EvoSpex: An Evolutionary Algorithm for Learning Postconditions},
  booktitle = {43rd {IEEE/ACM} International Conference on Software Engineering, {ICSE} 2021, Madrid, Spain, 22-30 May 2021},
  pages     = {1223--1235},
  publisher = {{IEEE}},
  year      = {2021},
  url       = {https://doi.org/10.1109/ICSE43902.2021.00112},
  doi       = {10.1109/ICSE43902.2021.00112},
  timestamp = {Mon, 07 Jun 2021 16:39:41 +0200},
  biburl    = {https://dblp.org/rec/conf/icse/MolinaPAF21.bib},
  bibsource = {dblp computer science bibliography, https://dblp.org}, 
  selected={true}
}

@inproceedings{DBLP:conf/kbse/Molina20,
  bibtex_show={true},
  author    = {Facundo Molina},
  title     = {Applying Learning Techniques to Oracle Synthesis},
  booktitle = {35th {IEEE/ACM} International Conference on Automated Software Engineering,
               {ASE} 2020, Melbourne, Australia, September 21-25, 2020},
  pages     = {1153--1157},
  publisher = {{IEEE}},
  year      = {2020},
  url       = {https://doi.org/10.1145/3324884.3415287},
  doi       = {10.1145/3324884.3415287},
  timestamp = {Fri, 12 Feb 2021 13:04:43 +0100},
  biburl    = {https://dblp.org/rec/conf/kbse/Molina20.bib},
  bibsource = {dblp computer science bibliography, https://dblp.org}
}

@article{DBLP:journals/scp/MolinaCDRCAF19,
  author    = {Facundo Molina and
               C{\'{e}}sar Cornejo and
               Renzo Degiovanni and
               Germ{\'{a}}n Regis and
               Pablo F. Castro and
               Nazareno Aguirre and
               Marcelo F. Frias},
  title     = {An evolutionary approach to translating operational specifications
               into declarative specifications},
  journal   = {Sci. Comput. Program.},
  volume    = {181},
  pages     = {47--63},
  year      = {2019},
  url       = {https://doi.org/10.1016/j.scico.2019.05.006},
  doi       = {10.1016/j.scico.2019.05.006},
  timestamp = {Mon, 23 Sep 2019 17:25:48 +0200},
  biburl    = {https://dblp.org/rec/journals/scp/MolinaCDRCAF19.bib},
  bibsource = {dblp computer science bibliography, https://dblp.org}
}

@inproceedings{DBLP:conf/icse/MolinaDPRAF19,
  bibtex_show={true},
  author    = {Facundo Molina and
               Renzo Degiovanni and
               Pablo Ponzio and
               Germ{\'{a}}n Regis and
               Nazareno Aguirre and
               Marcelo F. Frias},
  editor    = {Joanne M. Atlee and
               Tevfik Bultan and
               Jon Whittle},
  title     = {Training binary classifiers as data structure invariants},
  booktitle = {Proceedings of the 41st International Conference on Software Engineering,
               {ICSE} 2019, Montreal, QC, Canada, May 25-31, 2019},
  pages     = {759--770},
  publisher = {{IEEE} / {ACM}},
  year      = {2019},
  url       = {https://doi.org/10.1109/ICSE.2019.00084},
  doi       = {10.1109/ICSE.2019.00084},
  timestamp = {Tue, 24 May 2022 15:28:49 +0200},
  biburl    = {https://dblp.org/rec/conf/icse/MolinaDPRAF19.bib},
  bibsource = {dblp computer science bibliography, https://dblp.org},
  selected={true}
}